@book{EBB,
   Author = {Derek Molloy},
   Title = {Exploring BeagleBone: Tools and Techniques for Building with Embedded Linux},
   Publisher = {Wiley},
   Year = {2014},
   ISBN = {1118935128},
   URL = {http://www.exploringbeaglebone.com/}
}

@article{SNOA529A,
	author = {Texas Instruments},
	title = {AN-1852 Designing With pH Electrodes},
	journal = {Application Note},
	Year = {September 2008–Revised April 2013},
	URL = {http://www.ti.com/lit/an/snoa529a/snoa529a.pdf},
}

@article{SNOSAW6E,
	author = {Texas Instruments},
	title = {LMP7721 3-Femtoampere Input Bias Current Precision Amplifier},
	journal = {Datasheet},
	Year = {January 2008–Revised December 2014},
	URL = {http://www.ti.com/lit/ds/symlink/lmp7721.pdf},
}

@article{SNVS053E,
	author = {Texas Instruments},
	title = {LM4140 High Precision Low Noise Low Dropout Voltage Reference},
	journal = {Datasheet},
	Year = {June 2000–Revised April 2013},
	URL = {http://www.ti.com/lit/ds/symlink/lm4140.pdf},
}

@book{OAAH,
	Author = {Walt Jung},
	Title = {Op Amp Aplications Handbook},
	Publisher = {Newnes},
	Year = {2005},
	ISBN = {0750678445},
	URL = {http://www.analog.com/library/analogDialogue/archives/39-05/op_amp_applications_handbook.html}
}

@article{PDGFRE,
	author = {Texas Instruments},
	title = {PCB Design Guidelines
	For Reduced EMI},
	journal = {Application Note},
	Year = {November 1999},
	URL = {http://www.ti.com/lit/an/szza009/szza009.pdf},
}
@article{PSLE,
	author = {Christian Kueck},
	title = {Power Supply Layout and EMI},
	publisher = {Linear Technology},
	journal = {Application Note, Linear Technology},
	Year = {October 2012},
	URL = {http://cds.linear.com/docs/en/application-note/an139f.pdf},
}

@article{DFTSA,
	author = {Andrea Cavallini, Camilla Baj-Rossi, Sara Ghoreishizadeh, Giovanni De Micheli, Sandro Carrara},
	title = {Design, Fabrication, and Test of a Sensor Array for
	Perspective Biosensing in Chronic Pathologies},
	publisher = {EPFL},
	journal = {IEEE Biomedical Circuits and System
	Conference},
	Year = {2012},
	URL = {http://si2.epfl.ch/~demichel/publications/archive/2012/BioCAS_2012_Andrea.pdf},
}